<?xml version="1.0" encoding="UTF-8"?><collection xmlns="http://www.loc.gov/MARC21/slim"><record><leader>00523nam--2200193-i-4500</leader><controlfield tag="001">000039347</controlfield><controlfield tag="002">20161230</controlfield><controlfield tag="005">20161230201042</controlfield><controlfield tag="008">060222s1000------------r-----000-0-rus-d</controlfield><datafield ind1=" " ind2=" " tag="040"><subfield code="a">IFIN-HH</subfield></datafield><datafield ind1=" " ind2=" " tag="041"><subfield code="a">rus</subfield></datafield><datafield ind1=" " ind2=" " tag="080"><subfield code="a">537.531:539.2</subfield></datafield><datafield ind1="1" ind2=" " tag="100"><subfield code="a">Nemoskalenko, V.V</subfield></datafield><datafield ind1="1" ind2="0" tag="245"><subfield code="a">Teoreticeskie osnovi rentcenovskoi emissionnoi spektroskopii</subfield><subfield code="c">V.v. nemoskalenko, v.g. alesin</subfield></datafield><datafield ind1=" " ind2=" " tag="260"><subfield code="a">Kiev</subfield><subfield code="b">Nakova Dumka</subfield><subfield code="c">1974</subfield></datafield><datafield ind1=" " ind2=" " tag="300"><subfield code="a">376P</subfield></datafield><datafield ind1="1" ind2=" " tag="700"><subfield code="a">Alesin, V.G</subfield></datafield><datafield ind1=" " ind2=" " tag="852"><subfield code="a">42501</subfield><subfield code="c">539.2</subfield></datafield><datafield ind1=" " ind2=" " tag="CAT"><subfield code="a">Sys</subfield><subfield code="c">20121024</subfield><subfield code="h">160902</subfield></datafield></record></collection>